@article{kalman1960new,
  title={A new approach to linear filtering and prediction problems},
  author={Kalman, Rudolph Emil and others},
  year={1960}
}

@misc{babb2015how,
 title={How a Kalman filter works in pictures},
 author={Babb, Tim},
 year={2015},
 howpublished={\url{http://www.bzarg.com/p/how-a-kalman-filter-works-in-pictures/}},
 note={(Date last accessed 03-March-2017)}
 }
 
@book{einicke2012smoothing,
  title={Smoothing, filtering and prediction: estimating the past, present and future},
  author={Einicke, Garry A},
  year={2012},
  publisher={InTech}
}

@inproceedings{huang2008analysis,
  title={Analysis and improvement of the consistency of extended Kalman filter based SLAM},
  author={Huang, Guoquan P and Mourikis, Anastasios I and Roumeliotis, Stergios I},
  booktitle={Robotics and Automation, 2008. ICRA 2008. IEEE International Conference on},
  pages={473--479},
  year={2008},
  organization={IEEE}
}

@article{gustafsson2012some,
  title={Some relations between extended and unscented Kalman filters},
  author={Gustafsson, Fredrik and Hendeby, Gustaf},
  journal={IEEE Transactions on Signal Processing},
  volume={60},
  number={2},
  pages={545--555},
  year={2012},
  publisher={IEEE}
}

@inproceedings{julier1997new,
  title={New extension of the Kalman filter to nonlinear systems},
  author={Julier, Simon J and Uhlmann, Jeffrey K},
  booktitle={AeroSense'97},
  pages={182--193},
  year={1997},
  organization={International Society for Optics and Photonics}
}

@article{julier2004unscented,
  title={Unscented filtering and nonlinear estimation},
  author={Julier, Simon J and Uhlmann, Jeffrey K},
  journal={Proceedings of the IEEE},
  volume={92},
  number={3},
  pages={401--422},
  year={2004},
  publisher={IEEE}
}

@article{faragher2012basis,
title={Understanding the Basis of the Kalman Filter},
author={Faragher, R},
journal={IEEE Signal Processing Magazine},
pages={128--132},
month={September},
year={2012}
}

@misc{simon2001kalman,
 title={Kalman filtering},
 author={Simon, D},
 year={2001},
 howpublished={\url{http://www.embedded.com/design/configurable-systems/4023342/Kalman-Filtering}},
 note={(Date last accessed 28-February-2017)}
}